%نمونه  مقاله در مجله
@article{glasner2007enveloping,
  title={Enveloping semigroups in topological dynamics},
  author={Glasner, Eli},
  journal={Topology and its Applications},
  volume={154},
  number={11},
  pages={2344--2363},
  year={2007},
  publisher={North-Holland},
  Language = {English}
}
%نمونه  کتاب
@book{diestel2012sequences,
  title={Sequences and series in Banach spaces},
  author={Diestel, Joseph},
  volume={92},
  year={2012},
  publisher={Springer Science \& Business Media}
}
%نمونه  کتاب (فارسی)

@Book{irscholar494611,
Title = {اصول آنالیز ریاضی},
Year = {1391},
Url = {http://ketab.ir/bookview.aspx?bookid=1687937},
publisher = {علمی و فنی},
author = {والتر رودین,  and علی‌اکبر عالم‌زاده, },
Language = {Persian}
}
% نمونه پایان‌نامه دکتری
@phdthesis{deprez2011some,
  title={Some computations of invariants of type II1 factors},
  author={Deprez, Steven},
  year={2011},
  school={PhD thesis, KU Leuven, 2011. math. ku. dk/\~{} sdeprez/publications-en. html},
  Language={English}
}
